@book{Huffman_Pless_2010,
	author      = {W. Cary Huffman and Vera Pless},
	isbn        = {978-0-521-13170-4},
	title       = {Fundamentals of Error-Correcting Codes},
	url         = {http://www.cambridge.org/9780521782807},
	year        = {2010},
	urldate     = {2022-04-25},
	publisher   = {Cambridge University Press},
  
}

@book{Wassermann_2006,
	author      = {Anton Betten and Michael Braun and Harald Fripertinger and Adalbert Kerber and Axel Kohnert and Alfred Wassermann},
	isbn        = {978-3-540-28371-5},
	title       = {Error-Correcting Linear Codes},
	subtitle    = {Classification by Isometry and Applications},
	url         = {http://www.cambridge.org/9780521782807},
	year        = {2006},
	urldate     = {2021-01-31},
	publisher   = {Springer},
  
}
